@article{article_2,
title={Get to the point: Summarization with pointer-generator networks.},
author={Abigail See, Peter J Liu, and Christopher D Manning},
year={2017},
journal={},
volume={10},
pages={709}
}

@article{article_1,
title={Attention is all you need},
author={{Ashish Vaswani}, {Noam Shazeer}, {Niki Parmar}, {Jakob Uszkoreit}, {Llion Jones}, {Aidan N.Gomez}, {Lukasz Kaiser}, {and Illia Polosukhin}},
year={2017},
journal={31st Conference on Neural Information Processing Systems (NIPS 2017), Long Beach, CA, USA.},
volume={163},
pages={5998--6008},
number={4}
}

@article{article_3,
  title={Neural Machine Translation by Jointly Learning to Align and Translate},
  author={Dzmitry Bahdanau, KyungHyun Cho, KyungHyun Cho},
  booktitle={Conference ICLR 2015},
  year={2016},
  month={May},
  journal={ICLR 2015}
}

@article{article_4,
  title={Donâ€™t Parse, Generate! A Sequence to Sequence Architecture for Task-Oriented Semantic Parsing},
  author={Subendhu Rongali, Emilio Monti, Luca Soldaini, Wael Hamza},
  booktitle={International World Wide Web Conference Committee},
  year={2020},
  month{April},
  journal= {IW3C2}
}

@article{article_5,
  title={Pointer networks. In Neural Information Processing Systems},
  author={Oriol Vinyals, Meire Fortunato, and Navdeep Jaitly},
  booktitle={Neural Information Processing Systems},
  year={2015}
}